@article{playing_atari,
  title={Playing atari with deep reinforcement learning},
  author={Mnih, Volodymyr and Kavukcuoglu, Koray and Silver, David and Graves, Alex and Antonoglou, Ioannis and Wierstra, Daan and Riedmiller, Martin},
  journal={arXiv preprint arXiv:1312.5602},
  year={2013}
}
@book{sutton_barto,
 author = {Sutton, Richard S. and Barto, Andrew G.},
 title = {Introduction to Reinforcement Learning},
 year = {1998},
 isbn = {0262193981},
 edition = {1st},
 publisher = {MIT Press},
 address = {Cambridge, MA, USA},
} 

@article{vizdoom,
  author    = {Michal Kempka and
               Marek Wydmuch and
               Grzegorz Runc and
               Jakub Toczek and
               Wojciech Jaskowski},
  title     = {ViZDoom: {A} Doom-based {AI} Research Platform for Visual Reinforcement
               Learning},
  journal   = {CoRR},
  volume    = {abs/1605.02097},
  year      = {2016},
  url       = {http://arxiv.org/abs/1605.02097},
  archivePrefix = {arXiv},
  eprint    = {1605.02097},
  timestamp = {Mon, 13 Aug 2018 16:47:07 +0200},
  biburl    = {https://dblp.org/rec/bib/journals/corr/KempkaWRTJ16},
  bibsource = {dblp computer science bibliography, https://dblp.org}
}